@online{RaspberryWikipedia,
    author="Wikipedia",
    title="Raspbery {P}i",
    year={},
    url="http://en.wikipedia.org/wiki/Raspberry_Pi",
    note={{C}onsultation: 2014-10-23}
}

@online{SocketIOWikipedia,
    author="Wikipedia",
    title="Socket.IO",
    year={},
    url="http://en.wikipedia.org/wiki/Socket.IO",
    note={{C}onsultation: 2014-10-23}
}

@online{SocketIOKaazing,
    author="Kaazing Corporation",
    title="What is WebSocket?",
    year={},
    url="http://kaazing.com/websocket/",
    note={{C}onsultation: 2014-10-23}
}

@online{MySQLDatarealm,
    author="Datarealm",
    title="Five {A}dvantages \& {D}isadvantages Of {M}y{SQL}",
    year={},
    url="https://www.datarealm.com/blog/five-advantages-disadvantages-of-mysql/",
    note={{C}onsultation: 2014-10-23}
}

@online{WebSocketsResource,
    author="Wikipedia",
    title="Websockets.IO",
    year={},
    url="http://en.wikipedia.org/wiki/Raspberry_Pi",
    note={{C}onsultation: 2014-10-23}
}